@TechReport{jensen-milner-bigraphs,
  author =	 {Jensen, Ole H{\o}gh and Milner, Robin},
  title = 	 {{Bigraphs and mobile processes}},
  year = 	 2003,
  month = 	 jul,
  url = 	 {https://www.cl.cam.ac.uk/techreports/UCAM-CL-TR-570.pdf},
  institution =  {University of Cambridge, Computer Laboratory},
  doi = 	 {10.48456/tr-570},
  issn = 	 {1476-2986},
  issn = 	 {1476-2986},
  number = 	 {UCAM-CL-TR-570}
}
